@article{Li2017An,
	title={An enhanced {ISODATA} algorithm for recognizing multiple electric appliances from the aggregated power consumption dataset},
	author={Li, Mingchao and Han, Shuai and Shi, Jonathan},
	journal={Energy \& Buildings},
	volume={140},
	pages={305-316},
	year={2017},
}
@article{Kaya2015,
	title = {Automatic identification of butterfly species based on local binary patterns and artificial neural network},
	volume = {28},
	journal = {Applied Soft Computing},
	author = {Kaya, Yılmaz and Kayci, Lokman and Uyar, Murat},
	year = {2015},
	pages = {132--137}
}
@inproceedings{Le2016Multiple,
	title={{Multiple Scale Faster-RCNN Approach to Driver’s Cell-Phone Usage and Hands on Steering Wheel Detection}},
	author={Le, T. Hoang Ngan and Zheng, Yutong and Zhu, Chenchen and Luu, Khoa and Savvides, Marios},
	booktitle={Computer Vision and Pattern Recognition Workshops},
	pages={46-53},
	year={2016},
	publisher={IEEE}
}
@phdthesis{tf2017,
	type = {硕士},
	title = {{基于TensorFlow的卷积神经网络的应用研究}},
	school = {华中师范大学},
	author = {姜新猛},
	year = {2017}
}

@book{lamport1994,
  author    = {Leslie Lamport},
  title     = {{\LaTeX}: a Document Preparation System},
  publisher = {Addison-Wesley},
  address   = {Reading, MA, USA},
  edition   = {2},
  year      = {1994},
}
@article{_latex_2012,
	title = {{LaTeX排版系统在英文学术期刊中的应用}},
	issn = {1001-7143},
	url = {http://kns.cnki.net/kns/detail/detail.aspx?QueryID=3&CurRec=1&DbCode=CJFQ&dbname=CJFD2012&filename=JYKQ201205036&urlid=&yx=},
	abstract = {结合英文学术期刊使用LaTeX排版系统的工作经验,总结出一些使用该系统排版的心得体会。分析整理作者来稿中经常出现的问题,给出了解决的办法。同时给出我们在日常编辑工作中常用的宏包和模板,以及一些排版小技巧,与编辑同行交流。希望能对LaTeX初学者及正在使用LaTeX撰写论文的年轻作者有所帮助。},
	language = {中文;},
	number = {05},
	urldate = {2018-06-24},
	journal = {中国科技期刊研究},
	author = {温, 亚媛 and 赵, 景芝 and 李, 向华 and 谢, 冰蓉},
	year = {2012},
	keywords = {方法, 技巧, 排版, LaTeX},
	pages = {825--830}
}

@article{_latex_2012-1,
	title = {{LaTeX软件在学术论文排版中的应用}},
	issn = {1006-4311},
	url = {http://kns.cnki.net/kns/detail/detail.aspx?QueryID=3&CurRec=7&DbCode=CJFQ&dbname=CJFD2012&filename=JZGC201235097&urlid=&yx=},
	abstract = {LATEX是一个功能强大的国际通用排版软件,它特别适合于科技论文、专业书籍的编辑和排版,该软件尤其适合于各种复杂的符号公式的编排。本文主要介绍了LaTeX在学术论文中的数学公式编辑、图表排版及参考文献管理等主要功能。},
	language = {中文;},
	number = {35},
	urldate = {2018-06-24},
	journal = {价值工程},
	author = {俞, 依玲 and 张, 林琳},
	year = {2012},
	keywords = {排版, 数学公式, LaTeX, mathematical formulas, typesetting},
	pages = {209--210}
}

@article{_latex_2003,
	title = {{英文科技论文的LaTeX排版}},
	issn = {1009-1939},
	url = {http://kns.cnki.net/kns/detail/detail.aspx?QueryID=3&CurRec=2&DbCode=CJFQ&dbname=CJFD2003&filename=YBSF200302007&urlid=&yx=},
	abstract = {LaTeX是普遍采用的通用英文科技出版物排版软件之一 ,国际英文物理学期刊无一例外都接受LaTeX格式的文稿 .在本文中 ,笔者结合自己使用LaTeX排版的一些经验 ,介绍了LaTeX排版软件基本命令的使用方法和技巧 .},
	language = {中文;},
	number = {02},
	urldate = {2018-06-24},
	journal = {雁北师范学院学报},
	author = {段, 麦英},
	year = {2003},
	keywords = {方法和技巧, 英文科技论文, english science Papers, LaTeX typesetting software, LaTeX排版, methods and techniques},
	pages = {22--24}
}

@article{_latex_2011,
	title = {{数学论文的LaTeX排版与全文上网}},
	issn = {1672-7800},
	url = {http://kns.cnki.net/kns/detail/detail.aspx?QueryID=3&CurRec=3&DbCode=CJFQ&dbname=CJFD2011&filename=RJDJ201101036&urlid=&yx=},
	abstract = {LaTeX是一种格式化的排版系统,将它应用于数学论文的排版,可在较高层次上实现数学论文排版的美感。介绍了LaTeX的排版过程及其排版功能,探讨了数学论文全文上网的实现手段,并提供了切实可行的简便方法。},
	language = {中文;},
	number = {01},
	urldate = {2018-06-24},
	journal = {软件导刊(教育技术)},
	author = {纪, 宏伟},
	year = {2011},
	keywords = {排版系统, 数据库, Database, LaTeX, PDF Documents, PDF文档, Typesetting},
	pages = {87--88}
}

@article{_latex_2007,
	title = {{应用LaTeX系统排版自然科学类期刊的优势分析}},
	issn = {1009-5853},
	url = {http://kns.cnki.net/kns/detail/detail.aspx?QueryID=3&CurRec=4&DbCode=CJFQ&dbname=CJFD2007&filename=CBKX200703019&urlid=&yx=},
	abstract = {编辑手段现代化是科技期刊发展的一个十分重要的前提条件。如何改革传统编校过程,实现科技期刊编、排、校一体化,是科技期刊迫切需要解决的问题,而排版软件的选择是其关键。LaTeX是一种格式化的排版系统,将它应用于自然科学类期刊的排版,便于编辑真正做到编、排、校一体化,在较高层次上实现科技论文排版的美感,便于作者从网上校对,便于实现全文上网,形成一条龙出版模式。},
	language = {中文;},
	number = {03},
	urldate = {2018-06-24},
	journal = {出版科学},
	author = {王, 春燕},
	year = {2007},
	keywords = {编辑手段, 科技期刊, 排版软件, LaTeX系统, STM journal LaTeX Editorial means Makeup software},
	pages = {77--79}
}

@article{_latex_2013,
	title = {{LaTex系统在新疆大学学报排版的应用与实践}},
	issn = {1000-2839},
	url = {http://kns.cnki.net/kns/detail/detail.aspx?QueryID=3&CurRec=5&DbCode=CJFQ&dbname=CJFDHIS2&filename=XJDZ201304021&urlid=&yx=},
	abstract = {编辑手段的现代化是科技期刊发展的一个重要方面,将LaTex应用于科技期刊的排版,便于编辑实现编、排、校一体化.作者结合科技期刊使用LaTex排版系统的一点经验,给出了新疆大学学报(自然科学版)LaTex排版系统的简易模板,希望能对使用LaTex排版系统的作者有所帮助.},
	language = {中文;},
	number = {04},
	urldate = {2018-06-24},
	journal = {新疆大学学报(自然科学版)},
	author = {赵, 新科},
	year = {2013},
	keywords = {科技期刊, 模板, Academic journals, LaTex typesetting system, LaTex排版系统, Template},
	pages = {497--499}
}

@article{_latex_2006,
	title = {用{LaTeX排版软件设计数学试卷}},
	issn = {1671-6396},
	url = {http://kns.cnki.net/kns/detail/detail.aspx?QueryID=3&CurRec=8&DbCode=CJFQ&dbname=CJFD2006&filename=XBKJ200625020&urlid=&yx=},
	abstract = {介绍了LaTeX排版软件编辑适合中高等院校教师使用的考试试卷模板的方法,使得试卷更加符合规范,减少数学教师的工作量,节约时间。印刷出来的试卷更加美观大方,条理清晰,便于学生作答。},
	language = {中文;},
	number = {25},
	urldate = {2018-06-24},
	journal = {中国西部科技},
	author = {林, 辉 and 杨, 昔阳},
	year = {2006},
	keywords = {类文件, 试卷排版, LaTeX},
	pages = {29--30}
}

@article{_latex_2006-1,
	title = {{LATEX在科技期刊排版中的应用}},
	issn = {1009-9042},
	url = {http://kns.cnki.net/kns/detail/detail.aspx?QueryID=3&CurRec=6&DbCode=CJFQ&dbname=CJFD2006&filename=JLGC200612008&urlid=&yx=},
	abstract = {LATEX是一个功能强大的国际通用投稿、排版软件,它特别适合于科技文章、书籍的编排和制作,尤其适合于各种复杂的符号公式的编排。本文主要介绍了LATEX在数学公式排版中的应用,并比较了LATEX和传统的排版软件WORD、WPS等在版式和结构上的优缺点。},
	language = {中文;},
	number = {12},
	urldate = {2018-06-24},
	journal = {吉林工程技术师范学院学报},
	author = {王, 少林},
	year = {2006},
	keywords = {科技期刊, 排版, 数学公式, LATEX, mathematic formula, scientific periodicals, typesetting},
	pages = {23--25}
}

@article{_latex_2015,
	title = {{LaTeX排版书稿的编辑工作浅谈}},
	issn = {2096-0360},
	url = {http://kns.cnki.net/kns/detail/detail.aspx?QueryID=3&CurRec=9&DbCode=CJFQ&dbname=CJFDLAST2016&filename=XMTJ201519040&urlid=10.1330.g2.20160113.1135.078&yx=Y},
	abstract = {本文结合La Te X排版软件的特点,总结了以La Te X软件排出的出版物的常见错误和需要特别注意的问题,并探索了责任编辑在latex排版书稿的编辑加工和校对过程中的一些工作方法和技巧。笔者作为La Te X排版软件多年的使用者和接触者,积累了丰富的经验或是教训。撰写这篇文章的目的 ,是想将这些经验或教训与同行分享,希望能对大家的工作有所帮助。},
	language = {中文;},
	number = {19},
	urldate = {2018-06-24},
	journal = {新媒体研究},
	author = {刘, 啸},
	year = {2015},
	keywords = {编辑, 校对, La Te X},
	pages = {64--66}
}

@article{_latex_2010,
	title = {{新型LaTeX科技排版系统在数学试卷中的模板应用}},
	issn = {1674-6708},
	url = {http://kns.cnki.net/kns/detail/detail.aspx?QueryID=3&CurRec=10&DbCode=CJFQ&dbname=CJFD2010&filename=KJCB201009091&urlid=&yx=},
	abstract = {随着计算机的普及,学校的试卷进入了计算机排版时代。但许多常见的排版软件,在排版数学公式的时候显得不是很方便。本文所介绍的LaTeX系统是一种免费、开放的排版系统。在排版数学公式方面,LaTeX是公认的排版质量最好的系统。本文将简单的向你介绍数学试卷的LaTeX模板的结构及说明,主要目的是为了使广大教师很轻松的排版数学试卷,它具有相当高的输出质量,能让你体验到LaTeX排版数学试卷的完美所在。},
	language = {中文;},
	number = {09},
	urldate = {2018-06-24},
	journal = {科技传播},
	author = {杨, 德彬 and 张, 永芹},
	year = {2010},
	keywords = {模板, 数学试卷, LaTeX},
	pages = {112+117}
}